<?xml version="1.0" encoding="UTF-8"?><record xmlns="http://www.loc.gov/MARC21/slim" xmlns:cinclude="http://apache.org/cocoon/include/1.0" xmlns:zs="http://www.loc.gov/zing/srw/">
  <leader>00348nz  a2200121n  4500</leader>
  <controlfield tag="001">n  92021232 </controlfield>
  <controlfield tag="003">DLC</controlfield>
  <controlfield tag="005">19920227120811.1</controlfield>
  <controlfield tag="008">920227n| acannaab|          |n ana |||  </controlfield>
  <datafield tag="010" ind1=" " ind2=" ">
    <subfield code="a">n  92021232 </subfield>
  </datafield>
  <datafield tag="040" ind1=" " ind2=" ">
    <subfield code="a">DLC</subfield>
    <subfield code="c">DLC</subfield>
  </datafield>
  <datafield tag="110" ind1="2" ind2="0">
    <subfield code="a">Zodiacs (Musical group)</subfield>
  </datafield>
  <datafield tag="670" ind1=" " ind2=" ">
    <subfield code="a">Williams, M. The best of Maurice Williams &amp; the Zodiacs [SR] 198-?:</subfield>
    <subfield code="b">label (The Zodiacs)</subfield>
  </datafield>
</record>